1822 3262
74 235 113 282 m
154 219 418 289 [ΔΗΜΟΣΘΕΝΟΥΣ]
428 223 501 274 ΠΕΡΙ
510 224 578 275 ΤΩΝ
587 224 672 276 ΠΡΟΣ
680 223 773 275 ΔΛΕΞ.
811 225 861 278 205

124 324 158 383 Εἰ
171 320 205 394 δή
218 347 258 391 τις
265 322 447 426 έρμτήσειεν“
432 328 509 401 υμάς,
523 351 544 384 ω
531 315 668 427 άνδρες’
661 332 805 399 Αθηναῖοι,
819 327 863 386 ἐπί

70 410 110 465 ιῖνι
123 405 158 465 ἂν
168 404 306 484 μάλιστΗ
291 407 511 513 αγαναιιτήσαιτε,
520 415 548 468 εἴ
555 433 594 476 τις
607 406 796 488 άναγκάζοι,
769 433 853 468 ιιποιτ

9 544 11 549 ,
69 515 97 546 ον
73 487 236 566 οἶμαι
194 514 305 561 παντες
322 493 344 551 εἰ
357 516 427 565 ησαν
438 518 507 551 κατα
520 491 567 552 τόν
579 495 635 553 νυνί
645 491 742 570 χρόνον
755 495 860 552 οἰΠει-

67 575 230 651 σιστραιίδαι
242 577 289 632 καλ
299 599 338 642 τις
349 575 463 651 ἐβιάζετο
476 573 600 653 κατάγειν
614 573 712 643 αιἰιούς
723 575 827 654 δευρλ,“
810 600 860 654 αρ-

66 655 203 724 πάσαντας
222 655 256 714 άν
272 655 342 733 όμάς
357 657 392 717 τά
409 658 480 718 ὅπλα
493 657 582 718 πάντα
594 659 738 719 κένδυνον“
722 665 861 735 υπομεῖναι

64 735 119 798 άντί
142 742 192 800 τοῦ
216 741 469 844 παραδιἙρισθαι”
451 767 468 814 η
495 747 656 809 πεισθέντας
675 765 707 820 γε
733 740 861 802 δουλεύειν

64 818 118 882 άνιί
135 825 189 882 τῶν
208 819 422 933 ἀργυρωνήτων,
433 828 479 884 και
495 823 615 902 τοσοάτιρ
631 825 759 904 μάλλον’
744 850 800 902 οσω
813 823 861 884 τόν

61 908 105 982 μέν
117 907 221 1012 οἰκέτην
233 904 351 975 οόδολς”
332 932 366 966 αν
377 905 441 967 έκιδν
455 905 626 978 άποκτιένειε,
650 908 714 976 τεός
725 911 753 968 δέ
764 932 858 986 τυραν-

60 994 200 1066 νουμένους
222 991 377 1068 άκρέτους”
361 1015 431 1051 εστιν
448 991 515 1069 δρᾶν
532 989 760 1068 άπολλυμένους
742 1016 798 1068 αμα
814 993 860 1050 καί

59 1071 241 1151 δβριζομὺους
257 1075 294 1141 εἰς
310 1077 410 1177 πριῖδας
424 1077 470 1133 καί
481 1081 615 1152 γυναῖκας.
649 1073 725 1153 παρά
737 1073 800 1143 τοὺς
812 1074 858 1152 όρ·

59 1181 120 1224 κους
136 1161 228 1217 ταένυν
245 1156 338 1216 καί
307 1181 357 1224 τας
375 1157 514 1229 συνθήκας
530 1157 579 1225 τάς
595 1162 670 1218 ἐν
638 1183 670 1236 τη
687 1162 759 1236 κοινή
772 1155 859 1235 εἰρήνη

58 1245 243 1343 γεγραμμένμς
265 1236 482 1319 Ἀλέξανδρος’
459 1265 495 1309 εις
524 1239 671 1315 Μεσσήνην
701 1241 860 1320 καταγαγὼν

58 1322 120 1392 τεός
135 1321 266 1383 Φιλιάδου
277 1322 422 1395 παῖδας,
406 1323 651 1402 ονταςτιιράννους,
665 1316 701 1403 άρ
697 1321 860 1402 ’ἐφρόντισε

58 1430 104 1466 τοι
91 1409 238 1478 ’,δικαίου
255 1404 310 1465 ἄλλ’
327 1404 375 1467 οδκ
392 1405 570 1485 ἐχρήσατο
539 1411 575 1466 τά
596 1408 678 1469 αὖτου
665 1411 750 1468 ἔθει
763 1410 799 1484 τῷ
812 1432 858 1468 το-

58 1515 184 1568 (Μῖνι
202 1489 287 1568 βθᾱέὖ
304 1490 479 1568 φρονήσας
464 1494 536 1597 υμῶν
549 1494 594 1550 καί
605 1496 652 1564 τῆς
663 1494 749 1565 κοινῆς
762 1494 858 1567 ὁμολο-

57 1578 135 1676 γίμςς
156 1569 190 1634 οδ
209 1580 272 1647 (21³)
292 1573 324 1647 δή
342 1575 431 1644 δεῖ,’
408 1598 430 1633 ει
446 1579 492 1651 μέν
503 1599 543 1642 τις
555 1573 625 1650 δμάς
636 1577 722 1635 ταῦτα
735 1574 859 1652 βιάζοιτο,

56 1651 198 1734 μάλιστΗ
180 1658 379 1736 αγαναιιτήσαι,
406 1659 429 1716 εἰ
448 1655 473 1716 δ’
489 1661 602 1759 δτέραθί
616 1682 670 1718 που
680 1663 773 1768 γέγονε
784 1655 859 1736 παρά

57 1739 121 1808 τοὺς
133 1738 205 1819 πρός
215 1737 287 1816 δμάς
299 1739 406 1818 ὅρκους,
423 1764 460 1818 μη
449 1738 663 1816 φυλάξασθαι,
681 1745 726 1801 καὶ
717 1741 803 1816 ιήμῒν
812 1745 859 1819 μέν

58 1820 267 1884 διααελιάεοθαὶ
275 1847 348 1892 ταας
358 1827 472 1884 ἐνταυθὶ
484 1829 596 1899 ἐμμένων
613 1848 670 1893 τοις
686 1824 787 1902 ὅρκοις,
804 1830 860 1891 τοίς

59 1902 133 1964 δ’
99 1905 200 1975 αυταδς
212 1905 281 1966 οδτιο
292 1904 481 1986 περιβοήιοις’
464 1905 608 1984 ανηρηκόσι
618 1913 781 1967 καταλείπειν
792 1905 857 1968 ταό·

58 2013 106 2062 την
123 1989 174 2063 τήν
191 1993 321 2059 ἐξουσίαν.
344 1987 398 2049 ἄλλ’
415 1986 464 2065 αἰχ
481 1987 537 2050 οἷόν
550 2013 579 2050 τε
590 1988 673 2050 ταῦθ’
690 1990 773 2060 οὕτως
785 1993 858 2066 ἔχειν,

59 2072 107 2132 ἐάν
121 2071 262 2151 βοόλησθε
276 2075 315 2150 τῷ
335 2075 425 2149 δικαέῳ
440 2075 577 2151 χρῆσθαι·
599 2077 645 2134 καὶ
660 2074 714 2153 γάρ
728 2078 766 2134 ἔτι
775 2080 857 2152 προς·

58 2160 210 2236 γέγραπται
225 2162 253 2216 ἐν
270 2162 329 2225 ταῖς
345 2155 495 2230 συνθήκαις
507 2160 629 2234 πολέμιον
640 2155 706 2218 εἰναι
717 2157 764 2218 τὸν
775 2164 859 2218 ἐκεῖνα

60 2238 130 2319 ὅπερ
138 2237 308 2317 Ἀλέξανδρος
324 2242 453 2301 σοιοόντα
466 2239 553 2299 ἅπασι
565 2246 621 2309 τοῖς
633 2245 680 2314 τῆς
692 2239 791 2319 εἰρήνης
802 2265 857 2300 κοι-

59 2324 174 2428 νεινρῦσι
189 2326 236 2384 καὶ
250 2322 300 2396 τήν
311 2321 402 2400 χώραν
418 2321 514 2394 αότοό,
538 2326 583 2383 καί
599 2321 798 2402 στρατεύεσθαι
816 2319 856 2383 έιά

61 2402 138 2469 ατίτδν
154 2404 285 2474 ἅπαντας.
299 2404 393 2467 ουκοέιν
405 2407 451 2467 ἐάν
462 2409 576 2483 ποιῶμεν
588 2432 623 2467 τα
613 2405 799 2509 συγκείμενα,
806 2430 856 2466 πο·

61 2494 137 2567 λιμέιρ
151 2487 363 2568 χρησόμεθα
333 2491 378 2548 τά
382 2488 574 2600 καταγαγόντι.
608 2488 675 2549 άλλά
692 2490 746 2568 γάρ
764 2496 860 2550 εἴποιεν

62 2571 94 2632 άν
110 2574 137 2634 οἰ
153 2565 396 2653 τυραννέζονιες
365 2598 437 2633 ουτοι
449 2573 490 2633 ὅτι
502 2577 564 2652 πρὶν
575 2571 625 2640 τάς
637 2571 776 2645 συνθήκας
787 2576 859 2651 γινέ-

62 2662 133 2716 σθαι
153 2654 311 2762 ἐτενράννουν
328 2654 475 2728 Μεσσήνην
496 2682 521 2717 αι
511 2654 662 2715 ’Φιλιάδου
683 2658 788 2724 παῖδες·
818 2653 861 2717 διό

62 2743 108 2805 ναί
122 2739 251 2820 κατάγειν
268 2765 314 2801 τον
324 2736 612 2824 Ἀλέξανδρονουτους.
636 2735 876 2820 &5551qu-
