1822 3262
11 252 59 297 0⁰2.
204 238 307 287 ΚΑΤΑ
328 236 610 285 ΑΝΔΡΟΤΙΩΝΟΣ.
755 233 805 285 249

10 340 72 415 βεῖν,
87 336 154 396 ούτω
165 336 227 404 τούς
239 336 334 413 νόμους
345 335 436 408 θήσει,
444 333 498 410 μετ’
511 333 599 402 ἀδείας
612 338 725 394 ἔσεσθαι
739 342 804 395 ποί-

10 418 72 487 λούς
86 420 215 498 πονηρούς
228 419 329 497 ἡγεῖτο,
347 422 370 479 εί
382 417 407 477 δ’
424 418 459 486 ὧς
470 426 525 485 τοῖς
536 424 655 497 θρασέσι
668 423 712 477 καί
725 422 805 479 δυνα-

10 510 65 570 τοῖς
78 508 165 580 λέγειν,
178 504 240 570 τούς
252 503 355 570 ἰδιώτας
367 500 397 561 ού
411 501 577 605 δυνήσεσθριι
590 502 635 562 τόν
649 501 729 562 αύιόν
742 503 804 562 τού-

10 610 66 653 τοις
77 583 177 663 τρόπον
189 585 328 662 λαμβάνειν
341 589 419 657 δίκην.
442 590 493 644 δεῖν
507 585 568 643 δ”’
547 609 612 663 ῳειο
624 584 749 661 μηδένα
735 612 803 646 οπο

10 677 169 773 στερεῖσθαι
181 696 228 729 του
216 672 313 741 δίκης
324 676 415 743 τυχεῖν,
429 669 464 736 ὥς
477 673 587 736 ἕκαστος
599 669 715 728 δύναται
750 674 806 736 πῶς

10 776 59 812 οον
77 754 152 811 ἔσται
169 756 260 824 τούτος
287 752 333 813 ἐὰν
345 751 445 819 πολλοῖς
457 753 535 820 ὁδούς
549 756 585 830 δῷ
600 753 692 812 διὰ
658 778 710 812 των
720 752 806 829 νόμων

10 839 53 897 ἐπὶ
66 835 128 902 τούς
140 832 340 907 ἠδικηκότας,
311 861 366 897 οιον
378 839 424 907 της
436 839 571 908 κλοπῆς.ν
556 838 666 914 εῤῥωσαι
680 840 725 894 καί
737 861 804 894 σαυ-

10 921 47 995 τῷ
59 918 203 990 πιστεύειςς
217 943 317 998 απαγε·
335 928 362 977 ἐν
370 924 465 993 χιλίαις
478 916 530 978 δ
517 944 532 978 ο
546 923 667 987 κίνδυνος.
690 918 804 978 ἀσθενέ-

10 1025 104 1079 στερος
121 1000 158 1074 εἷς
183 1010 237 1070 τοῖς
260 1002 384 1081 οῖρχουσιν
406 1006 518 1080 ἐφηγοῦ·
547 1006 624 1063 τούτο
650 1002 807 1074 ποιήσουσιν

10 1092 109 1147 ἐκεῖνοι.
136 1088 208 1163 φοβῇ
221 1090 266 1146 καί
278 1089 371 1156 τούεος
384 1086 497 1165 γρόφου.
524 1093 680 1164 καταμεζαφη
695 1085 806 1144 σεαυτόν

10 1171 57 1229 και
69 1173 147 1240 πένης
160 1168 196 1228 όίν
209 1166 257 1230 ούιι
271 1170 305 1230 ύν
315 1172 383 1243 ἐ’χοις
392 1175 502 1243 γιλίας’
489 1177 603 1241 εκιῖσαι,·
627 1168 731 1238 δικάζου
745 1175 805 1228 κλο-

10 1254 63 1325 πῆς
80 1252 148 1329 πρὸς
163 1252 310 1355 διαιτηιήγ,
332 1257 378 1312 καί
397 1280 428 1313 ου
416 1251 622 1320 κινδυνεύσεις.
660 1252 806 1334 [οὐδέτερον

10 1334 100 1413 βούλει
111 1334 223 1406 τούτωνς
236 1336 368 1438 γρόφρυ.
378 1343 510 1439 κατοκνεῖς
523 1340 568 1395 καί
580 1341 672 1407 τούτος
688 1337 805 1438 ἐφηγοῦ]

10 1417 112 1479 τούτων
129 1417 203 1479 ούδέν
220 1428 276 1479 ἐστι
292 1420 324 1480 τὸ
338 1417 410 1480 αύτό.
444 1422 491 1491 τῆς
505 1417 627 1495 ἀσεβείας
640 1420 709 1478 κατὰ
722 1418 806 1478 ταύτὰ

10 1504 82 1563 ῖστιν
94 1500 220 1579 ἇπύγειν,
233 1501 405 1580 γράφεσθαι,
423 1502 580 1572 δικάζεσθαι
593 1504 660 1582 πρὸς
673 1502 805 1578 Εόμολπί-

10 1588 73 1654 δας,
91 1584 196 1663 φράζειν
209 1586 277 1664 πρὸς
289 1586 334 1646 τόν
346 1589 463 1662 βασιλέα.
484 1589 544 1664 περὶ
558 1591 608 1646 τῶν
622 1587 704 1646 ἄλλων
718 1585 804 1645 ἁπόν-

10 1692 61 1728 τειν
80 1668 126 1727 τόν
145 1667 226 1729 αύτόν
243 1668 342 1747 τρόπον
357 1669 458 1744 σχεδόν.
493 1671 515 1728 εἲ
529 1669 561 1742 δή
574 1695 624 1739 τις,
644 1671 679 1737 ὡς
691 1674 736 1744 μέν
749 1667 807 1743 ούχί

10 1751 161 1829 κακοῦργός
173 1760 236 1821 ἐστι,
249 1753 285 1828 μὴ
297 1759 377 1830 λε’γοι,
389 1753 406 1826 ἢ
420 1761 482 1827 (602)
496 1751 531 1819 ὦς
544 1752 591 1813 ούκ
605 1751 709 1830 ύσεβῆς,
723 1752 740 1825 ἢ
752 1753 768 1813 ὅ
782 1778 806 1811 τι

10 1834 42 1907 δή
65 1832 124 1894 ποτ’
140 1841 191 1908 εἴη,
216 1833 251 1894 δι’
271 1835 287 1896 δ
307 1841 432 1914 κρίνοιτο,
458 1837 500 1896 διό
522 1842 606 1896 ταῦτα
628 1835 653 1895 δ’
675 1836 807 1914 ἐκφεύγειν

10 1915 110 1990 ἇξιοίη,
124 1920 146 1976 εἰ
157 1922 203 1995 μέν
216 1916 363 1996 ἀπηγμένος
376 1927 428 1992 εἴη,
448 1919 512 1980 διότι
525 1920 591 1997 πρὸς
605 1921 736 1993 διαιτητὴν
748 1923 807 1993 ἐξῆν

10 2000 83 2077 αύτῷ
97 2008 185 2075 λαχεῖν
197 2000 242 2058 καί
254 2001 413 2080 γρόφεσθαι
425 2006 512 2080 ἐχρῆν
531 2005 553 2062 εί
567 2007 594 2062 δέ
608 2003 674 2083 πρός
687 2005 805 2081 διαιτητῇ

10 2084 113 2162 φεύγοι,
127 2085 167 2144 ὅτι
175 2090 242 2162 χρῆν
253 2110 284 2146 σε
298 2084 418 2164 ἀπάγειν,
431 2085 462 2147 ἵν’
474 2087 628 2154 ἐκινδύνευες
641 2091 700 2164 περὶ
710 2092 806 2161 χιλίων,

10 2175 90 2245 γέλως
109 2167 142 2226 όίν
158 2175 197 2241 εἴη
216 2167 359 2240 δήπουθεν.
395 2168 426 2230 ού
439 2169 492 2248 γύρ
505 2169 550 2230 τόν
563 2196 594 2248 γε
605 2174 683 2246 μηδέν
697 2194 805 2242 πεπυιη·

10 2251 78 2311 κότα
92 2254 132 2309 δεῖ
142 2255 202 2330 περὶ
213 2256 272 2320 τοῦ,
283 2252 381 2331 τρόπον
394 2253 482 2313 ὅντινα
493 2253 543 2331 χρὴ
557 2253 656 2313 διδόναι
669 2257 748 2324 δίκην,
758 2252 805 2312 ἆν-

10 2339 125 2411 τιλέγειν,
141 2332 205 2404 ἀλλ’,
218 2335 253 2402 οῖς
266 2334 297 2395 ού
311 2342 458 2408 πεποίηκεν,
471 2336 646 2395 ἐπιδεικνύναι.
668 2336 713 2394 τόν
728 2334 806 2395 αύτὸν

10 2418 42 2490 δὴ
57 2416 170 2495 τρόπον,
190 2415 353 2496 Ἀνδροτίων,
379 2423 423 2478 κοί
437 2419 471 2478 σύ
483 2419 519 2497 μὴ
534 2419 576 2478 διό
592 2423 675 2478 ταῦτα
689 2425 746 2478 οἴου
764 2443 807 2477 σοι

10 2499 148 2580 προςήκειν
158 2500 194 2576 μὴ
210 2504 300 2561 δούναι
313 2505 396 2575 δίκην,
420 2505 442 2561 εί
459 2502 569 2580 γράφεις
586 2501 740 2580 ἡταιρηκώς,
767 2501 808 2562 ότι

10 2589 58 2644 καί
75 2582 143 2661 πρὸς
159 2583 221 2651 τούς
237 2590 413 2661 θεσμοθέτας
425 2584 485 2645 ἔσθ’
503 2586 561 2661 ἡμῖν
574 2591 727 2663 ἐπαγγελία·
751 2583 803 2643 ἀλλ’

10 2666 29 2741 ἢ
48 2670 133 2736 δεῖξον
152 2665 183 2726 ού
201 2668 361 2739 πεποιηκότα
374 2674 457 2728 ταῦτα
472 2668 586 2739 σαυτόν,
603 2668 622 2742 ἢ
639 2673 711 2740 δίκην
723 2669 820 2738 “Imm

10 2744 193 2829 ιῖνγεγραφσίς
203 2775 239 2821 τι,
258 2755 378 2821 τοιαύτας
392 2751 443 2815 τόν·
467 2752 502 2816 ού
515 2754 575 2837 γὰρ
586 2758 680 2827 ἒξεστί
694 2776 752 2813 οοι.
773 2749 845 2805 ἐκεῖ.
