1822 3262
94 213 143 270 τεο
385 214 602 284 [οιΑιιιτιοτ]

93 345 153 387 τοος
170 318 229 378 οῦτε
248 320 298 378 τοῖν
315 323 376 396 περὶ
391 321 438 392 τῆς
453 318 553 397 εἰρήνης
572 319 713 390 συνθηκῶν
732 314 792 376 οῖδα
809 341 828 393 μ

94 402 206 478 σχόντας
216 402 277 480 ῦμῖν
289 400 341 462 666'
353 410 379 462 ἐν
391 410 449 470 ταῖς
463 401 570 474 στήλαις
582 400 828 479 ἀναγεγραμμένους

89 485 247 559 ’Λθηναίοος
260 483 349 556 ῦντας,
363 485 430 544 ἄλλό
445 484 530 564 Τήρην
540 491 587 562 μίν
598 483 651 562 μετ’
669 488 731 560 ἐμοῦ
745 509 829 561 στρατ

92 594 168 644 μενον
185 567 224 644 ἐφ’
239 569 319 644 ῦμᾶς,
338 573 537 647 Κερσοβλέπτην
554 573 582 626 6·
599 575 654 635 τοῖς
671 593 727 644 παρ
724 565 829 644 ’ἐμαῦι

94 657 215 730 σβεαταῖς
231 654 331 727 66
299 677 346 730 μεν
363 653 425 720 τοῦς
444 653 537 730 ὅρκους
549 650 647 728 ὀμόσαι
660 649 829 753 προθνμρῦμι

93 741 244 796 κωλοθεντα
264 733 325 795 6'‘
310 735 363 796 οπό
381 741 432 796 τῶν
448 736 574 837 ὑμετέρων
592 739 748 842 στρατηγῶν
770 732 829 794 ἇποι

93 819 189 880 νόντων
207 817 287 879 αῦτόν
297 817 444 924 Ἀθηναίων
456 817 562 897 ἐχθρόν.
584 823 669 878 καίτοι
681 821 737 885 πῶς
750 820 829 877 ἑστίτ

93 902 181 975 ῖσονῆ
194 903 338 1005 ιλίκαιον,υ
324 928 387 962 οταν
398 907 445 980 μὲν
457 903 517 1005 ὑμῖν
535 927 665 980 σομφερη,
685 907 807 978 πολέμιον
826 928 829 958 ι

94 997 156 1061 (61)
169 985 281 1060 φόσκειν
294 984 374 1046 αῦτόν
386 991 432 1059 τῆς
444 985 591 1056 πόλεως,’
577 1011 641 1046 οταν
654 983 679 1043 6’
697 989 740 1060 ἐμὲ
754 1010 829 1059 σοκοη

93 1095 146 1129 τειν
162 1069 309 1146 βούλησθε,
329 1075 435 1143 πολίτην
454 1069 664 1129 ἀποδείκνυσθαι
680 1069 727 1128 τὸν
746 1066 827 1128 αῦτῦν

92 1154 176 1231 ῦμιῦν·
199 1179 243 1212 και
234 1152 427 1215 Σιτόλκοο“
397 1178 443 1231 μεν
461 1151 694 1256 ἆποθανόρτος,
681 1179 701 1209 ω
688 1145 829 1227 μετέδοτε

93 1241 236 1307 πολιτείας,
261 1235 345 1304 εῦθῦς
360 1236 532 1310 ποιήσασθαι
549 1236 617 1339 πρὸς
633 1235 680 1296 τὸν
698 1233 829 1294 όποκτείνι

94 1326 194 1396 φιλίαν,
211 1320 278 1398 ’ἐπέρ
291 1324 319 1380 δέ
329 1324 531 1399 Κερσοβλέπτου
544 1318 657 1396 πόλεμον
671 1321 811 1398 αἱρεῖσθαι
824 1347 829 1378 ι

94 1405 176 1480 ήμῦς,Ι
191 1407 240 1462 καί
257 1408 341 1462 ταῦτα
360 1410 454 1480 σαφῶς
470 1403 572 1470 εἰδότας
590 1403 630 1463 ότι
642 1405 693 1462 τῶν
705 1401 829 1480 λαμβανόι

95 1487 144 1555 τίις
161 1487 260 1565 δωρεὰς
278 1487 328 1555 τοῖς
344 1487 468 1555 τοιαῦτας
485 1486 569 1555 οῦδείς
586 1487 646 1546 οῦτε
663 1490 715 1546 τῶν
730 1485 817 1563 νόμων

95 1576 147 1630 τῶν
159 1569 337 1649 ψηφισμάτων
350 1569 424 1631 οῦδὲν
437 1576 564 1650 φροντίζει
576 1572 627 1630 666
638 1569 774 1648 ὑμετέρων.
796 1567 828 1629 66

96 1653 148 1712 ἄλλ’
164 1656 187 1712 εί
207 1657 245 1712 δεῖ
260 1653 348 1714 πόντα
360 1654 442 1714 τῦίλλα
442 1653 640 1757 παραλιπόντα
653 1653 788 1730 συντόμως
801 1655 829 1712 είι

94 1739 165 1813 ὑμεῖς
184 1741 256 1797 ἔδοτε
272 1743 403 1798 πολιτείαν
414 1737 540 1816 Εῦαγόρρ
556 1741 593 1814 τῷ
607 1742 717 1842 Κυπρίῳ
736 1761 781 1795 και
772 1739 827 1796 Δι

95 1827 143 1907 σίῳ
159 1847 195 1898 τῳ
183 1824 380 1924 Σορακομσίω
394 1826 439 1881 καί
451 1829 506 1890 τοῖς
517 1820 634 1899 ἐνγόνοις
640 1827 700 1887 τοῖς
713 1825 823 1880 ἐκείνων.

95 1896 140 1964 οῦν
157 1909 263 1977 πείσητε
279 1905 342 1973 τοῦς
354 1904 536 1982 ἐκβαλόντας*
523 1910 658 1982 εκατέροος
671 1902 757 1963 αῦτιῦν
771 1903 829 1964 όπσ

93 2014 136 2048 ναι
148 1988 268 2047 πόλιν“
239 2013 288 2056 τας
300 1987 384 2067 ἀργός
395 1997 449 2056 τοῖς
461 1993 608 2057 ἐκπεσοῦσι,
617 1993 760 2063 κομίζεσθε
769 1991 829 2046 καίι

95 2074 156 2176 ἐμοῦ
170 2072 217 2144 τήν
232 2071 371 2176 Θρήκην,”
357 2098 421 2146 οσης
435 2072 520 2151 Τήρης
533 2098 577 2132 και
568 2063 819 2148 Κερσοβλέπτης
803 2096 829 2149 ηρ

95 2180 117 2214 ει
108 2157 161 2212 Ἰδὲ
178 2161 232 2222 τοῖς
246 2161 293 2232 μὲν
305 2161 404 2216 ἐκείνων
417 2155 565 2258 κρατήσασι
576 2154 638 2231 μηδ’
655 2161 771 2232 ἐγκαλεῖν
785 2153 829 2223 ἇξι

93 2241 183 2315 μηδὲν,
201 2243 243 2315 ἔμε
262 2237 286 2298 6'
304 2247 438 2316 ἐνοχλεῖτε,
456 2243 513 2308 πῶς
531 2237 561 2300 οῦ
581 2243 685 2305 δικαίως
697 2237 767 2316 ῦμᾶς
780 2235 829 2315 ἆμε

93 2347 143 2399 μην
157 2347 202 2392 αν,

156 2409 226 2482 Περὶ
243 2410 290 2482 μὲν
308 2397 353 2466 σίν
370 2405 468 2468 τοῦτον
484 2405 567 2466 πολλὰ
582 2409 690 2483 λε’γειν”
675 2429 738 2479 εχων
752 2407 788 2465 ἔτι
801 2406 829 2464 6

93 2496 249 2567 παραλιπεῖν
264 2494 450 2594 προαιρρῦμαι·
468 2494 629 2567 Καρδιανοῖς
647 2491 676 2547 6¹
690 2513 757 2590 φημι
777 2490 829 2564 βοη

94 2572 208 2652 γεγονός
221 2570 310 2640 αῦτσῖς
319 2573 372 2651 πρὸ
383 2577 430 2647 τής
442 2572 541 2650 εἰρήνης
554 2572 703 2650 σύμμαχος,
716 2569 764 2632 οῦκ
776 2578 829 2632 ἐθε

93 2655 181 2717 6666’
197 2656 269 2733 ῦμοῦν
282 2662 370 2716 ἐλθεῖν
386 2659 423 2726 είς
439 2662 534 2735 κρίσιν,
551 2655 676 2723 πολλάκις
691 2659 739 2734 μίν
751 2658 829 2732 ἐμοῦν

91 2744 195 2812 θεντος,
210 2737 262 2802 οῦκ
276 2735 391 2823 ῦλνγοίκις
404 2739 429 2802 6²
447 2745 557 2803 ἐκείνων·
579 2742 643 2809 ὥςτε
655 2743 712 2809 πῶς
725 2737 773 2801 οίκι
787 2739 820 2799 ίίν
