1822 3262
81 223 130 275 ιιι
321 221 636 288 [Διιαιοεοιιαοιτ]

81 329 193 386 ἕκαστον
206 323 293 384 πάντα
307 328 407 427 ἑτέρους
421 326 499 384 ἐᾶσαι
511 325 606 400 λαβεῖν,
615 319 779 399 θαυμαστὴν

80 414 174 486 μονίαν
184 434 228 467 και
219 408 334 481 πολλὴν
345 407 518 494 ἀσφάλειαν
502 431 567 481 εχειν
581 413 682 466 οἴεσθε.
697 413 724 465 ἐκ
738 409 766 464 δὲ

79 490 249 595 παρελθών’
237 495 279 551 επλ
290 491 337 563 τὴν
349 491 448 559 τάξιν’
436 490 473 566 ταί
489 495 520 597 ης
532 491 592 567 ύμῖν
604 491 735 564 τετάχθαι
749 515 779 566 πρ

80 579 173 655 ἕτερος,
184 568 344 642 ούτοςεύδαλ
341 601 396 652 μων
410 579 454 634 καὶ
465 578 547 653 μέγας
561 600 605 634 και
597 578 719 634 πολλῶν
733 571 779 649 κύρ

80 684 164 738 γοιεν,
178 658 294 726 εἲκότως
296 663 420 768 πράγμμ
433 658 487 737 γάρ
501 661 600 734 ἔντιμον
613 661 657 717 καί
667 663 735 763 μέγα
750 682 779 715 κο

79 741 158 846 πρίν,
183 745 306 820 καὶπερὶ
322 735 353 844 ηδ
371 741 458 801 πάντα
477 741 555 815 τὸνγ
537 740 632 819 χρόνον
649 745 676 800 αἱ
692 745 779 819 μέγιστ

78 826 179 886 πόλεων
191 825 259 905 πρὸς
271 824 354 893 αὑτὰς
368 829 521 904 διεφέροντο,
531 829 779 903 Λακεδαιμονιων
754 849 779 901 μ

77 909 208 985 χηκότων,
228 912 348 986 Θηβαίων
366 912 393 967 δὲ
411 907 530 984 ἀσχόλων
548 908 590 968 διά
604 908 651 968 τὸν
666 907 779 968 Φωκικὸν

79 1019 128 1070 μον
145 999 299 1072 γενομένων,
325 991 397 1069 ἦμῶν
415 996 443 1051 δὲ
461 991 623 1069 ἀμελούντων
641 996 733 1072 ἔρημον
752 989 779 1052 άι

80 1085 142 1151 (144)
161 1074 295 1155 τοιγάρτοι
313 1075 344 1135 τὸ
360 1080 407 1152 μὲν
426 1079 573 1153 φοβεῖσθαι
593 1083 648 1144 τοῖς
670 1076 768 1145 ἄλλοις,

80 1159 233 1266 συμμάχους
251 1159 363 1227 πολλούς
381 1162 446 1234 ἔχειν
464 1164 509 1219 καὶ
526 1157 633 1237 δύναμιν
653 1159 769 1238 μεγάλην

79 1250 241 1350 περιγέγονε,
268 1247 314 1345 καὶ
331 1246 450 1303 τοσαύτα
467 1241 612 1322 πράγματα
632 1248 676 1304 καλ
693 1246 779 1304 τοιαίιι

79 1333 229 1406 περιέστηκε
245 1326 308 1394 τούς
315 1327 473 1400 Ἐλληνος“
455 1353 576 1395 απαντας
594 1352 657 1395 ωςτε
673 1325 768 1403 μηδ’”
752 1353 766 1385 ο

80 1408 309 1515 συμβουλεύειν”
281 1434 392 1513 ευμορον
410 1407 482 1469 εἶναι.
506 1409 636 1482 ὅντωνδ,
654 1438 674 1471 ω
661 1404 779 1488 ανδρες

78 1501 160 1564 ναῖοι,
179 1498 230 1553 τῶν
242 1492 379 1572 παρόντοιν
392 1493 555 1573 πραγμάτων
568 1499 663 1565 πᾶσιν,
681 1495 716 1562 ὥς
728 1494 778 1571 ἐγώ

79 1579 198 1656 φοβερῶν
220 1575 321 1646 ούδίνες
337 1587 363 1638 ἐν
379 1584 474 1655 μείζονι
493 1578 600 1656 κινδύνῳ
616 1581 667 1638 τῶν
685 1577 779 1638 πάντωι

78 1662 164 1736 ὑμῶν,
183 1657 214 1721 ού
230 1659 310 1738 μόνον
328 1664 364 1738 τῷ
380 1661 496 1737 μάλιστα
514 1661 574 1738 ύμῖν
591 1661 762 1740 ἐπιβουλεύειν

79 1769 145 1815 πον,
163 1742 229 1805 ἆλλύι
249 1747 343 1821 καὶτῷ
357 1744 462 1804 πάντων
473 1744 610 1823 άργότατοι
625 1745 699 1805 αύτολ
713 1749 779 1805 διακι

79 1830 101 1886 εί
119 1833 204 1888 τοίνυν
220 1827 251 1888 τὸ
269 1830 320 1888 τῶν
337 1827 417 1888 ὠνίων
429 1832 536 1931 πλῆθρς
549 1830 660 1909 ὁρῶντες
672 1834 716 1889 καλ
729 1830 776 1931 την

80 1915 139 1987 ρίαν
150 1911 197 1985 τὴν
209 1910 278 1970 κατά
291 1912 337 1984 τὴν
350 1910 461 1990 ολγοράν,
471 1912 572 1980 τούτοις
580 1913 760 1986 κεκήληοθε
742 1940 776 1981 ως

80 1998 132 2054 δενί
151 1998 272 2072 δεινῷ”
240 2020 287 2068 της
304 1994 447 2064 πόλεως’
422 1996 514 2098 ου’σης,
540 1996 600 2056 ούτε
621 1996 779 2103 προςηκόιτο

80 2075 216 2155 ὂρθῶς
189 2104 220 2138 το
238 2082 349 2183 πρᾶγμα
364 2085 471 2158 κρίνετε·
495 2079 597 2158 ιλγοραν
609 2087 656 2158 μὲν
668 2082 721 2160 γὰρ
736 2081 768 2140 άν

79 2161 224 2240 πανήγυριν
237 2170 264 2221 ἐκ
277 2162 374 2222 τούτων
386 2189 403 2236 η
390 2162 549 2239 ”φαύλως”
532 2190 548 2236 η
561 2169 646 2233 καλῶς
660 2189 779 2224 κατεσκει

80 2249 173 2323 κρίνοι·
195 2243 270 2305 πόλιν
284 2244 310 2303 δ’
325 2247 358 2319 ἢν
370 2246 521 2322 ὑπείληφεν,
541 2246 571 2315 ὃς
584 2249 617 2307 ιλν
629 2252 680 2308 τῶν
691 2249 779 2321 Ἕλλην

77 2353 132 2400 χειν
145 2325 187 2387 ἇελ
199 2328 334 2404 βούληται,
351 2330 432 2406 μόνην
445 2331 477 2389 άν
491 2336 681 2408 ἐναντιωθῆναι
694 2337 739 2392 καί
751 2338 779 2405 τη

80 2436 130 2471 των
142 2417 293 2490 ἐλευθερίας
304 2418 463 2491 προστῆναι,
483 2412 514 2475 οὗ
526 2415 564 2491 μά
579 2416 623 2474 Δί’
640 2425 667 2476 ἐκ
681 2422 732 2475 τῶν
744 2415 779 2476 ὧν

80 2499 164 2562 καλῶς
178 2498 240 2568 ἔχει,
255 2495 399 2572 δοκιμάζειν
413 2501 458 2567 δεῖ,
473 2496 525 2556 ἄλλ’
542 2501 564 2557 εί
577 2499 720 2577 συμμάχων
734 2499 777 2560 εύν

80 2577 166 2637 στεύει
184 2583 300 2646 καὶτοῖς
317 2580 407 2648 ὅπλοις
425 2580 515 2655 ἰσχύει.
537 2583 619 2642 ταῦθ’
635 2584 701 2662 ὑπὲρ
721 2588 767 2656 τῆς

80 2664 119 2719 δεῖ
137 2669 255 2722 σκοπεῖν·
284 2662 458 2743 άσφαλερῶς
474 2664 534 2741 ύμῖν
556 2671 601 2726 καί
623 2666 745 2744 οὐδαμῶς
772 2671 779 2728 ί

72 2747 163 2815 καλῶς
175 2748 236 2823 ἔγει,
262 2751 367 2828 γνοίητε
380 2746 404 2808 δ’
425 2747 468 2821 ίιν,
480 2751 503 2810 εἰ
516 2755 669 2830 σκέψαισθε
681 2757 779 2819 ἐκείνως
