1822 3262
99 283 151 338 ²⁰⁶
358 276 642 327 ΔΗΜΟΣΘΕΝΟΥΣ

100 387 206 448 δικαίως
219 383 256 440 ἔτι
268 383 347 438 πλείω
359 375 523 456 περιιστάναι
535 375 618 446 κακά,
637 373 683 435 οδκ
695 377 750 453 ἐμοί

99 462 153 524 ἐστ’
170 462 326 541 ἀγανακτεῖν
342 465 388 520 καί
404 463 501 538 βαρέως
520 465 619 537 φέρειν,
643 459 702 534 δμῖν
721 462 748 516 δι’

99 552 154 613 λαις
171 549 300 623 παριδεῖν·
321 547 419 604 πολλοῦ
438 567 469 622 γε
486 547 532 601 καί
550 545 600 600 δεῖ·
620 541 686 600 ἀλλά
702 546 750 601 πάι

101 626 249 730 ἀργιστὲον,
269 631 468 705 ἐκλογιζομένοις
485 652 530 684 και
522 625 743 730 θεωρσῦσιν,’
730 651 750 685 οι

99 737 120 770 ω
149 710 240 812 ἀνδρες
258 709 407 783 Ἀθηναῖοι,
433 712 527 788 ῥᾳδίως
551 715 637 819 καμῶς
660 716 750 767 παθεῖι

99 819 133 853 τα
150 793 223 869 ἡμῶν
240 796 305 853 είσίν
324 796 349 852 οῖ
371 798 523 852 πενέστατοι
546 796 591 851 καί
616 791 750 851 ἀσθενέσι

100 874 126 934 δ’
141 875 271 978 δβρίμαι,
278 877 323 935 καί
335 880 381 935 τοῦ
394 875 557 948 ποιήσαντας
572 875 608 952 μὴ
628 878 719 935 δοάναι
735 878 750 933 δ

99 958 132 1019 λά
164 959 225 1027 τοὺς
256 957 473 1037 ἀντιπαρέξοντας
504 959 650 1036 πράγματα
683 966 750 1036 μισθ

100 1046 126 1102 οῖ
150 1045 267 1120 βδελυροί
291 1046 335 1101 καί
357 1039 468 1120 χρήματ’
497 1045 595 1115 ἔχοντές
627 1044 707 1121 [εἰσιν
736 1050 750 1120 εξ

100 1123 131 1185 οὗ
145 1126 175 1198 δὴ
189 1129 228 1184 δεῖ
240 1129 361 1204 παρορᾶν
374 1126 407 1184 τά
420 1131 530 1184 τοιαῦτα
535 1170 543 1195 ,
556 1124 618 1184 οὐδὲ
630 1125 677 1184 τὸν
689 1131 750 1204 ἐξείρ

99 1212 145 1267 καί
155 1208 230 1284 φόβῳ
243 1209 273 1269 τὸ
287 1212 365 1281 δίκην,
381 1199 417 1268 ὧν
432 1209 464 1267 ἀν
477 1209 549 1283 ἡμῶν
564 1207 683 1286 ἀδικηθῇ
697 1235 742 1278 τις,

99 1289 161 1368 παρ’
178 1292 272 1362 αὑτοῦ,
288 1291 351 1351 ἀλλο
363 1318 388 1351 τι
398 1291 449 1368 χρὴ
464 1296 572 1367 νομίζειν
583 1300 673 1362 ποιεῖν,
687 1293 705 1365 ἢ
718 1292 750 1352 τά

98 1379 192 1453 γορίας
210 1378 255 1434 καί
272 1375 320 1442 τοῖς
337 1378 383 1447 τῆς
400 1380 552 1451 ἐλευθερίας
569 1376 641 1451 ἡμῶν
657 1400 750 1452 μετοοσ

99 1464 217 1533 ρεῖσθαι.
251 1458 302 1536 &fib
314 1457 426 1536 μὲνγὰρ
440 1465 503 1525 ἴσως
521 1458 679 1535 διεωσάμην,
700 1464 744 1518 καί

100 1539 141 1609 ἀν,
150 1542 234 1618 ψευδῆ
247 1540 384 1619 λόγονκαὶ
398 1547 582 1616 συκοφαντίαν,
592 1546 637 1600 καί
649 1540 697 1601 οάκ
711 1542 750 1602 ἀντ

100 1625 125 1682 οῖ
138 1626 166 1682 δὲ
178 1627 270 1685 πολλοί
282 1631 310 1683 τί
319 1624 454 1699 ποιήσετε,
482 1624 514 1682 ἀν
527 1625 562 1700 μὴ
578 1629 691 1701 δημοσίᾳ
704 1631 750 1685 πάι

98 1706 281 1780 καταστήσητε
301 1707 332 1768 τὸ
355 1710 390 1774 εἷς
410 1711 493 1767 ταῦτα
516 1707 745 1817 ἀπρχρησθαιτῷ

99 1789 178 1849 δόντα
189 1789 281 1867 λόγον,
299 1794 344 1850 καί
357 1789 509 1866 δποσχάντα
522 1797 619 1869 κρίσιν,
633 1797 693 1871 περί
707 1819 741 1852 ων

98 1876 179 1948 καλῇ,
198 1871 250 1933 τότ’
263 1871 419 1976 ἀμύνεσθαι
437 1875 499 1940 τοδς
512 1873 657 1943 ἀδίκως”’
619 1902 650 1951 εφ
675 1876 750 1936 αὑτὸν

95 1951 160 2031 χρή,
183 1959 227 2014 καί
239 1954 303 2026 τότ’,
326 1956 360 2015 ἀν
372 1955 552 2025 αδικοῦντας
539 1963 589 2036 ορᾷ
603 1985 654 2028 τις,
676 1956 706 2018 οὗ
720 1985 750 2037 πρ

99 2043 156 2106 ζειν,
168 2036 227 2096 ουδ’
229 2038 371 2148 ,ἐπάγοντ’
389 2042 474 2107 αῖτίας
486 2041 630 2118 ψεσδεῖς,’
612 2049 750 2119 ακριτονζι

98 2118 215 2196 φεύγειν,
229 2120 316 2181 οάδ”
303 2127 346 2181 επὶ
357 2148 392 2199 τῳ
381 2123 506 2183 διδόναι
519 2128 590 2198 δίκην
605 2124 743 2199 ἀσχάλλειν

97 2210 181 2263 ποιεῖν
194 2211 222 2272 εξ
236 2202 316 2309 ἀργῆς
330 2182 439 2284 ἀσελγὲς
449 2211 534 2309 μηδίγ.

156 2286 224 2346 Ὅσα
239 2313 287 2363 μεν
305 2293 423 2348 τοίνσν’
401 2299 438 2357 είς
450 2315 479 2349 τε
491 2315 537 2362 την
550 2297 712 2370 λειτουργίαν
726 2318 750 2352 κι

97 2367 147 2447 δβρ
148 2373 243 2443 ίσθην,
261 2374 307 2430 καί
320 2369 388 2431 πάντ
385 2370 698 2451 ’ἐπιβουλευόμενος’
650 2401 749 2461 τροπον

98 2461 203 2528 σχοιν(5
206 2462 242 2524 55)
256 2456 350 2525 κακοῖς,
363 2461 518 2534 ἐκπέφευγα,
531 2455 670 2530 ἀκηκόατε,
679 2462 700 2519 ὠ
714 2459 750 2519 ἀνι

97 2541 179 2604 ναῖοι,
201 2540 246 2596 καί
267 2542 420 2614 παραλείπω
441 2542 469 2598 δὲ
488 2541 586 2600 πολλά·
610 2540 641 2602 οὗ
659 2541 732 2645 γάρ
730 2550 750 2602 ἴε

99 2615 174 2675 πάντ’
191 2619 277 2679 εἰπεῖν.
299 2620 433 2694 ε’γειδε
405 2622 496 2689 οὕτως.
524 2622 571 2684 σάκ
584 2624 675 2685 ἔσθ’
662 2625 700 2701 αρ’
716 2626 750 2687 ὅτ

98 2706 281 2809 πραγμάτωνΙ
269 2728 319 2783 εγω
337 2703 416 2812 μάγος
431 2703 567 2783 ἠδίκημαι,
594 2707 679 2769 ἀλλἸ
664 2713 708 2768 επί
724 2734 750 2785 μι

90 2782 143 2849 τὸν
149 2786 237 2871 χορὸν
248 2794 433 2875 γεγενημένοις
448 2787 625 2865 ἀδικήμασιν
615 2816 638 2861 η
649 2791 750 2863 mm,
