1822 3262
92 243 181 291 ΠΕΡΙ
200 245 272 292 ΤΗΣ
289 244 604 293 ΠΑΡΑΠΡΕΣΒΕΙΑΣ.
716 241 747 291 81

57 365 71 398 α
84 346 130 401 καῖ
143 340 240 415 ταύτης
252 347 294 404 ἔπι
306 350 417 405 τελούσα
430 348 478 422 μέν
488 342 504 416 ἦ
516 340 600 421 μήτηρ
610 338 694 402 αύταύ
703 343 749 401 καί

57 449 138 494 σασα,
150 430 196 484 καὶ
210 434 373 505 καρπουμένη
386 428 432 496 τάς
447 430 499 487 τῶν
506 432 643 504 χρωμένων
657 427 748 495 οἰκίας,

57 529 78 566 ιε
98 507 246 578 τοσούτους
266 515 400 579 τουτουσί,
427 509 557 570 διδασκων
575 506 638 569 δα
659 507 749 611 πατὴρ

57 615 107 659 τα,
134 591 170 658 ἀς
183 592 283 670 ἐγὼ
247 619 299 653 των
310 591 519 696 πρεσβμτέρωκ’
504 591 606 662 ακούω,
631 617 699 670 προς
711 617 748 668 τω

57 699 79 732 ω
91 677 139 734 τού
152 677 257 754 λατρεύ,
271 677 342 745 ὅπως
355 676 481 751 ἠδύνατο,
495 674 549 735 ἀλλ’
565 667 612 736 σύν
624 682 652 734 ἐν
664 673 748 752 ταύτῃ

74 757 356 864 ὑπογραμματεύοντες
373 759 398 819 6’
415 757 492 820 αύτοι
482 758 576 819 καλ“
560 762 749 836 απηρετούντες

58 863 70 906 ς
82 866 140 908 ταις
155 840 260 918 ἀρχαῖς,
284 842 410 922 ἀργύριον
422 842 577 919 εἰλήφεσαν,
603 841 690 901 καὶτὸ
705 865 747 901 ττ-

57 921 125 999 νδφ
140 924 213 1001 ύμῶν
224 934 386 1004 γραμματεῖς
395 931 630 1004 χειροτονηθέντες,
645 922 720 984 66’''
704 949 748 997 ετη

57 1030 130 1079 ιησαν
142 1017 169 1068 ἐκ
182 1034 215 1087 τῃ
202 1009 319 1086 θόλῳ,
336 1009 485 1089 πρεσβεύσω
497 1009 522 1068 6
539 1007 732 1069 ἀπέσταλτο
701 1031 749 1066 ναν

57 1090 194 1164 κταύτης.
227 1091 326 1153 τούτων
344 1093 418 1154 ούδὲν
435 1098 578 1172 ἐσκέψατο,
600 1088 692 1152 ούδ’”
676 1115 749 1157 οπως
771 1115 775 1123 ·

57 1173 187 1245 λεύσεται,
201 1181 343 1253 προείδετο,
358 1175 444 1236 ἀλλΗ
428 1182 552 1255 ανέτραμε
564 1200 610 1234 και
600 1175 748 1233 κατέδυσε

57 1264 116 1330 (420)
130 1256 196 1317 καθ
212 1258 304 1330 αύτύν,
330 1260 400 1328 ὅπως
416 1264 459 1321 ἐπὶ
475 1267 529 1327 τοῖς
541 1259 680 1338 ἐχθροῖς”
665 1280 747 1328 εσται,

57 1339 156 1402 εύασεκ.
191 1339 235 1401 εἶτ’
255 1340 286 1403 ού
304 1341 339 1402 σύ
357 1342 497 1420 σοφιστής,
515 1347 561 1401 καὶ
576 1338 690 1419 πονηρός
701 1363 746 1419 7⁸3

57 1423 234 1502 λογογράφος,
253 1429 299 1486 καῖ
314 1433 392 1494 θεοῖς
409 1424 508 1504 ἐχθρός
522 1450 568 1504 με,
594 1425 635 1496 ὃς,
662 1423 680 1482 6
699 1429 746 1501 μέν

57 1532 76 1574 ις
87 1506 208 1585 η’μωνίσω
225 1513 270 1569 καὶ
287 1508 400 1587 ἀκριβῶς
417 1514 590 1582 ἐξηπίστασο,
613 1508 747 1584 ύπερέβης,

57 1590 91 1650 ἰδὲ
103 1589 203 1653 πώποτ’
220 1601 247 1652 ἐν
259 1596 295 1669 τῷ
310 1596 356 1670 βίῳ
369 1594 510 1671 ἀπεκρίνω,
531 1594 618 1653 ταύτα
634 1590 748 1663 ζητήσας

56 1678 107 1734 τῶν
119 1679 231 1735 πολιτῶν
244 1676 345 1755 βλάψαι
356 1676 423 1748 τινά,
435 1679 471 1744 εἰς
482 1681 563 1750 μέσον
575 1674 699 1754 ἤνεγκαςς

57 1782 82 1835 ρε
95 1757 136 1831 δή,
147 1761 192 1818 καλ
204 1763 264 1836 περὶ
277 1763 324 1820 τού
337 1759 458 1829 Σόλωνος
471 1760 500 1820 δν
511 1758 568 1820 εἷπε
579 1757 673 1837 λύμαν,
686 1761 746 1817 σκέ-

92 1845 142 1918 ῖφη
153 1841 199 1902 τὸν
211 1842 320 1903 Σόλωνα
333 1842 495 1903 ἀνακεῖσθαι
506 1845 554 1917 τῆς
564 1847 617 1902 τῶν
627 1840 688 1902 τότε
700 1844 746 1914 δη-

57 1923 134 1986 ύντων
148 1926 320 2004 σωφροσύνης
332 1926 514 2006 παράδειγμα,
538 1933 601 1987 τίσω
612 1924 660 2000 τὴν
669 1932 747 2003 χεῖρα

58 2006 274 2087 ἀναβεβλημένον,
287 2008 446 2083 ἐπιπλήττων
459 2035 484 2071 τι
496 2013 541 2071 καῖ
552 2008 747 2088 λοιδορούμενος

62 2092 194 2171 Τιμάρχου
207 2099 356 2171 προπετείᾳ.
383 2097 468 2154 καίτοι
485 2093 532 2157 τὸν
545 2098 592 2172 μέν
605 2091 747 2172 ἀνδριάντα

61 2175 135 2235 ούιιω
153 2177 312 2250 πεντήκοντα
326 2180 368 2249 λ’τη
381 2180 465 2253 φασὶν
479 2175 641 2237 ἀνακεῖσθαι
654 2182 745 2236 Σαλα-

68 2257 122 2319 ἀπὸ
141 2260 260 2328 Σόλωνος
278 2259 335 2318 66‘
324 2287 389 2338 ομοο
376 2259 528 2321 διακάοιά
545 2262 653 2322 ἐστιν
637 2284 681 2332 ετη
702 2262 748 2318 καλ

57 2340 143 2403 ῖκοντα
157 2345 193 2411 εἷς
205 2344 251 2406 τὸν
261 2347 317 2404 νονῖ
328 2343 448 2423 παρόντα
458 2342 578 2446 χρόνον,
589 2340 663 2445 ωςδῖ
671 2368 687 2402 ο
675 2342 745 2444 ’δη-

57 2450 75 2493 ις
88 2427 102 2486 6
116 2430 194 2487 τούτο
207 2426 353 2495 πλάσας
327 2453 357 2488 το
371 2431 472 2505 σχῆμα,
498 2426 531 2487 ού
542 2425 622 2504 μόνον
635 2424 682 2488 ούκ
697 2424 746 2485 αύ-

57 2534 104 2568 κατ
124 2518 231 2580 ἐκεῖνον,
251 2509 305 2569 ἀλλ’
321 2509 410 2570 εὗδ’
396 2509 536 2579 οπάππος
550 2507 640 2570 αύτού
668 2511 747 2570 τούτο

57 2616 93 2652 ναι
107 2592 163 2654 εἶπε
175 2602 229 2662 τοῖς
242 2597 378 2662 δικασταῖς
389 2618 435 2654 και
425 2592 604 2672 ἐμιμήσατο·
631 2591 688 2654 666
699 2598 746 2653 τού

57 2700 88 2744 ος
99 2668 131 2751 ἦν
144 2677 238 2738 τούτου
249 2681 336 2752 πολλῷ
351 2703 384 2755 τῃ
371 2676 471 2738 πόλει
483 2675 742 2781 λωσιτελέσττρον,
715 2702 746 2736 το

57 2759 94 2828 η“ν
105 2761 152 2831 τήν
162 2760 285 2830 Σόλωνος
297 2737 362 2826 ἰδεῖν
374 2762 466 2826 καλ
437 2789 487 2841 την
505 2759 646 2838 διάνοιαν,
663 2758 765 2832 ταύτην

57 2866 113 2906 ιτα.
125 2864 159 2909 11.
346 2891 349 2897 ·
578 2873 603 2923 ω

749 2930 815 3098 f!

656 3162 731 3186 ,ἐι-
