1822 3262
93 221 142 272 236
351 222 637 271 ΔΗΜΟΣΘΕΝΟΥΣ
843 233 894 284 245,

91 327 139 382 καλ
147 347 181 399 με
192 324 281 398 μηδεὶς
292 320 414 399 δπολόβῃ
428 319 552 400 όπαρτᾶν
564 321 611 383 τόν
624 320 704 401 λόγον
716 324 763 396 τῆς
778 326 894 426 γραφῆς,

92 407 137 466 ἐόν
155 409 191 473 εἷς
200 405 349 476 ‘mmmdcc
366 403 475 483 προέξεις
491 431 538 464 και
528 405 645 483 λόγους
658 411 773 484 ἐμπέσω
810 407 826 466 ὅ
840 406 895 509 γὰρ

92 489 189 548 διώκων
202 493 250 548 τοῦ
261 493 434 597 ψηφίσματος
446 489 572 566 τόλέγειν
586 494 631 549 καλ
643 489 769 568 πρόττειν
782 490 889 565 (245)
860 516 893 548 τα

92 571 189 682 ιῖριστό
201 595 246 650 με,
264 576 309 631 καλ
311 577 500 680 γεγραμμένος
511 576 597 632 ταῦτα
610 572 647 641 ῶς
661 571 708 633 οόκ
722 565 892 647 dumo&

90 657 136 723 τός
153 664 222 715 έστιν
239 655 254 715 ό
273 655 336 723 τοδς
353 658 414 733 περὶ
431 653 555 715 ἁπάντων
573 661 626 716 τῶν
637 660 694 760 ἐμοὶ
706 661 892 734 πεπολιτευμέ-

91 763 141 798 νων
158 737 296 816 λόγους
271 743 379 806 οικεῖους
396 763 442 797 και
432 736 663 816 όιναγκαλους”
629 765 663 818 τη
673 743 767 818 γραφῇ
781 764 892 812 πεποιη-

91 822 149 890 κῶς.
171 821 228 882 εἶτα
241 825 286 880 καὶ
299 824 402 881 πολλῶν
413 827 591 899 προαιρέσεων
603 821 690 883 οδσῶν
701 827 749 895 τῆς
760 827 893 890 πολιτείας

5 976 8 983 ¹
90 907 137 977 τὴν
149 909 210 983 περὶ
222 904 271 972 τόις
279 905 427 978 Ἑλληνικῶς
438 904 547 983 προέξεις
560 905 694 983 εἱλόμην*
680 906 743 984 ογῶ,
765 907 836 966 ῶστε
848 909 893 966 καλ

91 989 139 1056 τοῖς
152 987 297 1058 ἆποδεῖξεις
308 997 336 1048 ἐκ
348 988 448 1092 τρόπον
460 988 596 1058 δίκαιός’
573 1013 624 1066 ειμι
635 997 786 1050 ποιεῖσθαι.

147 1072 178 1133 A
191 1075 239 1149 μέν
258 1064 305 1132 οδν
321 1071 375 1150 πρό
392 1098 440 1132 του
427 1071 651 1133 ”πολιτιόεσθαι
668 1076 714 1133 καλ
736 1077 892 1152 δημηγορῶν

90 1165 134 1231 ἐμε
126 1154 284 1234 προυλαβε
301 1158 347 1214 καλ
351 1161 472 1264 τκατέαγε
486 1162 656 1228 Φίλιππος’
642 1156 726 1259 εόσρο·
749 1156 871 1217 ουδέν
838 1183 892 1263 γαρ

89 1241 204 1317 ἡγοῦμαι
224 1237 323 1298 τοότων
339 1236 405 1298 εῖναι
422 1240 491 1317 πρός
510 1245 565 1317 ἐμέ·
592 1267 610 1298 α
596 1238 655 1298 “’δ
658 1237 731 1315 ,ἀφ’
744 1232 778 1312 ἧς
793 1239 892 1319 ἠμέρας

89 1326 132 1382 ἐπὶ
144 1326 229 1382 ταῦτα
247 1327 356 1395 ἐπέστην
373 1321 438 1400 έγῶ,
455 1322 615 1398 διεκωλῶθη,
634 1325 719 1383 ταῦτα
738 1321 890 1400 ἇναμνήσω,

90 1409 135 1465 καλ
153 1404 252 1465 τοότων
269 1405 356 1480 δφέξω
373 1405 467 1484 λόγον,
488 1409 619 1468 τοσοῶτον
634 1406 761 1468 όποιπῶν.
782 1411 888 1467 πλεονέ-

89 1514 182 1566 κτημα,
195 1512 216 1546 ω
202 1481 321 1565 ανδρες
332 1487 477 1563 Ἀθηναῖοι,
490 1495 558 1568 μέγα
569 1490 670 1569 δπῆρξε
685 1495 816 1567 Φιλίππρο.
835 1516 888 1550 τια-

89 1572 124 1650 ρὰ
136 1571 190 1651 γὰρ
204 1579 260 1638 τοῖς
263 1571 436 1644 “Ελλησιν,’
408 1599 439 1632 ου
452 1579 528 1644 τισίν,
542 1572 609 1634 αλλό
621 1577 705 1634 πᾶσιν
718 1548 824 1651 ὁμαλῶς,
837 1599 887 1649 φο-

88 1656 138 1733 ρόν
151 1658 287 1735 προδοτῶν
300 1681 345 1716 και
336 1655 510 1734 δωροδόκων
521 1683 566 1717 και
557 1661 770 1735 θεοῖςέγθρῶν
778 1655 886 1734 ἇνθρῶ-

88 1764 144 1800 πων
157 1742 250 1816 συνέβη
262 1745 392 1816 γενέσθαι
404 1740 546 1814 τοσαότην,
559 1741 626 1815 όσην
639 1739 725 1809 οδδεές
736 1763 779 1802 πω
792 1741 886 1819 πρότο-

89 1850 135 1901 ρον
151 1829 277 1903 μέμνηται
292 1830 444 1902 γεγονυῖαν·
467 1823 513 1893 οὓς
526 1823 725 1904 συναγωνιστόις
736 1827 783 1883 καλ
795 1848 886 1901 συνορ-

88 1907 152 1985 γυδς
165 1906 265 1984 λαβῶν,
278 1910 323 1966 καῖ
335 1907 463 1986 πρότερον
476 1911 563 1977 κακῶς
575 1908 770 1981 τοδςἚλληνας
782 1911 888 1982 ἔχοντας

87 1990 155 2068 πρός
167 1990 277 2058 έαυτοδς
288 1994 334 2050 καλ
346 1993 549 2062 στασιαστικῶς,
558 1995 595 2051 ἔτι
603 1999 692 2070 χεῖρον
701 1993 818 2063 διέθηκε,
826 1988 888 2058 τοδς

87 2078 135 2148 μὲν
152 2077 302 2144 ἐξαπατῶν,
323 2081 379 2143 τοῖς
395 2078 424 2133 δέ
440 2073 540 2144 διδοός,
561 2074 624 2142 τοδς
640 2078 670 2133 δέ
686 2073 777 2134 πάντα
789 2071 887 2151 τρόπω

88 2161 267 2235 διαφθελρων,
292 2159 337 2215 καλ
357 2160 491 2230 διέστησεν
511 2159 547 2224 εἶς
562 2163 626 2236 μέρη
643 2155 745 2227 πολλῶ,
772 2156 886 2225 ἕνόςτοῶ

88 2245 265 2318 συμφέροντος
284 2239 384 2299 ἅπασιν
403 2239 492 2310 ὄντος,
513 2239 618 2301 κωλόειν
634 2247 729 2301 ἐκοῖνον
744 2244 829 2317 μέγαν
845 2242 886 2316 γέ-

87 2331 211 2402 γνεσέλαι
238 2331 265 2384 ἐν
290 2321 399 2402 τοιαότη
424 2327 453 2381 δέ
478 2323 643 2384 καταπόσει
664 2326 770 2383 καλέω
769 2319 887 2426 ἇγνοὶρ

87 2411 135 2466 τοῖο
157 2411 345 2484 συνισταμένου
366 2410 412 2465 και
433 2412 564 2483 φυομένου
584 2410 668 2468 κακοδ
689 2410 742 2466 τῶν
762 2404 887 2464 «λιπόντων

84 2489 238 2563 Ἐλλήνων”
222 2514 315 2560 οντων,
332 2494 372 2549 δεῖ
384 2496 492 2549 σκοπεῖν
503 2490 584 2567 δμᾶς,
603 2517 625 2550 ω
611 2483 731 2568 ανδρες
738 2486 886 2562 Ἀθηναῖοι,

1 2625 3 2640 ,
87 2578 115 2633 τέ
124 2577 265 2684 προρῆκον
283 2598 314 2645 ην
328 2577 439 2632 ἑλέσθαι
451 2572 575 2651 πράττειν
588 2578 634 2633 καλ
646 2580 731 2633 ποιεῖν
742 2570 792 2645 τὴν
802 2570 885 2641 πόλιν,

88 2660 133 2715 καλ
149 2655 248 2716 τοότων
266 2655 345 2733 λόγον
361 2654 423 2734 παρ’
443 2659 506 2735 έμοδ
523 2659 623 2734 λαβεῖν·
659 2683 674 2717 σ
692 2680 746 2734 γαρ
764 2660 886 2714 ἐνταῦθα

12 2730 44 2819 γέ
77 2738 177 2800 Ιαυτόν
195 2738 281 2811 τάξας
298 2741 346 2813 τῆς
363 2742 545 2811 πολιτείας,
525 2744 578 2818 ειμὶ
594 2738 652 2817 ἐγῶ
661 2738 791 2816 ,πότερον
804 2735 887 2810 αότέμ
