1822 3262
78 204 128 258 256
333 206 621 256 ΔΗΜΟΣΘΕΝΟΥΣ

119 313 261 384 θεωρικοῖς
273 305 368 366 ίκατῦν
378 309 447 384 μνᾶς
459 307 494 373 είς
506 310 618 376 θυσίας,
627 306 759 381 δεδόχθαι
771 332 776 364 ι

118 390 150 466 λί
166 393 211 448 καί
222 415 258 466 τῳ
246 388 395 466 ’δήμῳ
359 414 395 448 τω
406 387 568 462 Ἀθηναίων,
587 395 724 450 ἐπαινέσαι
737 397 776 462 Δη

119 497 165 545 νην
185 478 376 576 Δημοσθῦνους
389 477 511 533 Παιανιᾶ
530 471 627 551 αρετῆς
643 476 719 534 ἕνεκα
736 476 776 533 καί

120 561 272 634 καγαθίας,
290 548 321 628 ἧς
340 559 404 630 ἔχων
423 559 562 615 διατελεῖ
549 581 576 616 εν
593 560 675 616 παντὶ
691 558 773 635 καιρῷ

120 639 248 742 δῆμον
220 665 267 699 τον
278 637 440 712 Ἀθηναίων,
458 643 504 699 καί
521 644 695 741 στεφανῶσαι
710 665 776 719 χρυο

119 721 209 799 φαίνω,
236 748 281 781 και
302 721 483 802 ἀναγορεῦσαι
505 721 551 783 τὸν
568 731 632 798 (261)
647 729 776 800 στέφανον

118 805 238 908 θεάτρῳ,
253 811 409 875 Διονυσίοις,
421 809 568 908 τραγῳδοῖς
582 814 694 875 καινοῖς·
714 811 776 880 τῇςι

118 888 266 968 γορειίσεως
279 889 511 967 ἐπιμεληθῆναι
483 915 530 949 τον
543 888 741 968 αγωνοθίτην.“

144 1021 297 1095 οῦκοῦν,“
279 1051 297 1084 α
310 1028 358 1101 μὲν
371 1029 502 1096 ἐπέδωκα,
517 1027 586 1085 ταῦτ
582 1022 692 1096 ’ἑστίη
710 1050 746 1084 ων
759 1050 776 1085 α

77 1113 224 1187 γε’γραφαι·
251 1132 269 1165 α
290 1111 319 1167 δι’
335 1133 416 1184 φησιν
431 1134 449 1181 η
438 1107 548 1184 “βοαλὴ
562 1107 643 1168 δεῖν
628 1112 688 1168 αντὶ
699 1107 776 1169 τοῦτο

78 1198 151 1250 σθαι
161 1214 220 1269 μοι,
237 1189 311 1251 ταῦτ’
327 1189 399 1262 ἴσθ’,
419 1218 436 1250 α
423 1190 561 1259 “διιίκεις
588 1218 620 1252 το
610 1183 766 1270 λαβεῖν
734 1217 776 1252 ουι

78 1273 174 1352 δόμενα
188 1273 354 1353 ὁμολογῶν
338 1300 445 1377 εννομρν
459 1273 538 1346 εἶναι,
558 1274 590 1335 τὸ
605 1274 686 1378 γοίριγ
698 1274 776 1336 ταῦτα

78 1361 181 1428 δοῦναι,
199 1357 361 1436 παρανόμων
373 1357 475 1437 γροίφμ.
512 1385 527 1419 υ
517 1359 569 1418 “δε“
582 1383 758 1438 παμπονηρος
771 1388 776 1417 ι

76 1465 127 1509 νιος
145 1443 190 1500 καί
207 1447 285 1508 θεοῒς
303 1441 404 1520 ἐχθρὸς
421 1445 467 1501 καί
484 1441 621 1520 βάσκανος
633 1442 727 1515 ῦντως,
753 1469 774 1502 ιι

77 1522 111 1582 ἂν
124 1530 164 1596 εἴη
176 1522 245 1603 πρὸς
256 1529 346 1596 θεῦνς
363 1524 413 1626 οῦγ
427 1526 442 1586 δ
455 1529 575 1594 τοιοῦτος
580 1554 589 1598 3

137 1611 196 1668 Και
212 1607 264 1685 μὴν
280 1612 341 1686 περὶ
358 1635 406 1669 του
423 1634 442 1686 γ
464 1619 491 1670 ἐν
507 1613 543 1687 τῷ
562 1608 673 1688 θεάτρῳ
692 1609 776 1689 κηρῦτ

76 1689 107 1750 τῦ
117 1695 164 1768 μὲν
175 1690 297 1770 μυριάκις
307 1696 418 1770 μυρίους
430 1698 595 1772 κεκηρῦχθαι
606 1699 776 1773 παραλείπω,

75 1771 202 1843 πολλάκις
221 1773 302 1844 αῦτῦς
324 1780 534 1852 ἐστεφανῶσθαι
554 1776 691 1856 πρότερον.
727 1776 776 1837 ἆλλ

75 1858 195 1917 θεῶν“
163 1884 232 1918 ουτω
245 1857 340 1927 σκαιὸς
352 1857 375 1918 εί
387 1885 431 1919 και
423 1857 625 1934 ἀναίσθητος,
639 1863 776 1936 Αἰσχίνη,

76 1941 189 2001 δῦνασαι
201 1943 409 2020 λογίσασθαι,
394 1969 433 2004 οτι
446 1946 483 2020 τῷ
495 1949 543 2021 μὲν
555 1949 758 2022 στεφανουμένῳ
771 1970 776 2002 ι

75 2025 122 2084 τὸν
134 2049 185 2099 εχει
200 2026 302 2098 ζὴλον“
288 2052 303 2086 ο
318 2032 462 2101 στέφανος,
481 2052 549 2088 οποα
562 2053 596 2086 αν
610 2025 770 2108 ἇναῤῥηθῇ,

75 2133 127 2169 των
139 2107 339 2184 στεφανοῦντων
351 2113 424 2170 ἕνεκα
439 2115 616 2212 συμφέροντος
628 2120 655 2171 ἐν
668 2137 704 2188 τῳ
692 2110 776 2170 θεοί

74 2216 164 2270 γνεται
182 2191 213 2251 τὸ
231 2191 366 2295 κήρυγμα,
389 2221 414 2254 οι
427 2193 481 2272 γὰρ
495 2192 658 2262 ἇκαῦσαντες
671 2218 774 2254 απαντε

73 2283 157 2377 πριεῒν
168 2266 197 2335 εῦ
211 2301 259 2349 την
272 2275 348 2336 πόλιν
360 2282 561 2355 προτρέπονται,
571 2281 617 2338 καί
629 2276 692 2346 τοῦς
705 2275 776 2338 ἆιιυδ

74 2357 121 2431 τὴν
131 2358 210 2461 χρίριν
220 2362 322 2436 μᾶλλον
334 2365 471 2421 ἐπαινοῦσι
483 2363 531 2421 τοῦ
545 2366 770 2437 στεφανουμένου·

73 2441 121 2501 τὸν
131 2441 214 2519 νόμον
226 2447 322 2504 τοῦτον
334 2443 440 2518 ἡπόλις
451 2450 591 2523 γέγραφα.
614 2449 685 2522 Λίγε
699 2443 725 2503 δ’
743 2441 776 2505 αῦ

74 2523 120 2584 τὸν
132 2524 213 2602 νόμον
224 2525 319 2605 λαβων.

74 2664 95 2711 Ν
100 2662 213 2711 ΟΜΟΣ
240 2688 257 2715 ‚,
257 2645 355 2714 Οσους
373 2648 537 2722 στεφανοῦσί
553 2670 619 2714 τινες
636 2650 689 2706 τῶν
707 2643 776 2723 δήμω

80 2725 305 2810 α’ναμορειίσεις
329 2731 382 2793 τῶν
408 2753 546 2810 στεφανων
569 2737 713 2791 ποιεῖσθαι
738 2736 765 2790 εν
